<?xml version="1.0" encoding="UTF-8"?>
<record xmlns="http://www.loc.gov/MARC21/slim">
   <leader>01578cam a2200409 a 4500</leader>
   <controlfield tag="001">2469600</controlfield>
   <controlfield tag="003">CaOONL</controlfield>
   <controlfield tag="005">20000620143918.0</controlfield>
   <controlfield tag="008">000620s2000    abc      c    000 0 eng c</controlfield>
   <datafield tag="016" ind1=" " ind2=" ">
      <subfield code="a">009107533</subfield>
   </datafield>
   <datafield tag="020" ind1=" " ind2=" ">
      <subfield code="a">0778512339 :</subfield>
      <subfield code="c">$29.95</subfield>
   </datafield>
   <datafield tag="035" ind1=" " ind2=" ">
      <subfield code="a">ocm44495139</subfield>
   </datafield>
   <datafield tag="040" ind1=" " ind2=" ">
      <subfield code="a">CaBVAU</subfield>
      <subfield code="b">eng</subfield>
      <subfield code="c">CaOONL</subfield>
      <subfield code="d">AEC</subfield>
   </datafield>
   <datafield tag="055" ind1=" " ind2="3">
      <subfield code="a">N8050</subfield>
      <subfield code="b">G62 2000</subfield>
   </datafield>
   <datafield tag="082" ind1="0" ind2=" ">
      <subfield code="a">704.9/4853/074712334</subfield>
      <subfield code="2">21</subfield>
   </datafield>
   <datafield tag="090" ind1=" " ind2=" ">
      <subfield code="a">N 8050 G621 2000</subfield>
      <subfield code="b">AECO</subfield>
   </datafield>
   <datafield tag="090" ind1=" " ind2=" ">
      <subfield code="a">N 8050 G63 2000</subfield>
      <subfield code="b">AEU</subfield>
   </datafield>
   <datafield tag="090" ind1=" " ind2=" ">
      <subfield code="a">N 8050 G621 2000</subfield>
      <subfield code="b">AEC</subfield>
   </datafield>
   <datafield tag="100" ind1="1" ind2=" ">
      <subfield code="a">Goa, David J.</subfield>
   </datafield>
   <datafield tag="240" ind1="0" ind2="0">
      <subfield code="a">Anno Domini :</subfield>
      <subfield code="b">Jesus through the centuries.</subfield>
      <subfield code="p">Exhibition catalogue /</subfield>
      <subfield code="c">writted by David J. Goa, Linda Distad and Matthew Wangler.</subfield>
   </datafield>
   <datafield tag="245" ind1="1" ind2="0">
      <subfield code="a">Anno Domini :</subfield>
      <subfield code="b">Jesus through the centuries.</subfield>
      <subfield code="p">Exhibition catalogue /</subfield>
      <subfield code="c">writted by David J. Goa, Linda Distad and Matthew Wangler.</subfield>
   </datafield>
   <datafield tag="260" ind1=" " ind2=" ">
      <subfield code="a">Edmonton :</subfield>
      <subfield code="b">Provincial Museum of Alberta,</subfield>
      <subfield code="c">2000.</subfield>
   </datafield>
   <datafield tag="300" ind1=" " ind2=" ">
      <subfield code="a">144 p. :</subfield>
      <subfield code="b">ill. ;</subfield>
      <subfield code="c">30 cm.</subfield>
   </datafield>
   <datafield tag="336" ind1=" " ind2=" ">
      <subfield code="a">text</subfield>
      <subfield code="b">txt</subfield>
      <subfield code="2">rdacontent</subfield>
   </datafield>
   <datafield tag="337" ind1=" " ind2=" ">
      <subfield code="a">unmediated</subfield>
      <subfield code="b">n</subfield>
      <subfield code="2">rdamedia</subfield>
   </datafield>
   <datafield tag="338" ind1=" " ind2=" ">
      <subfield code="a">volume</subfield>
      <subfield code="b">nc</subfield>
      <subfield code="2">rdacarrier</subfield>
   </datafield>
   <datafield tag="500" ind1=" " ind2=" ">
      <subfield code="a">Catalogue of an exhibition held at the Provincial Museum of Alberta, 7 October 2000-7 January 2001.</subfield>
   </datafield>
   <datafield tag="500" ind1=" " ind2=" ">
      <subfield code="a">"Exploring the heart of two millennia."</subfield>
   </datafield>
   <datafield tag="500" ind1=" " ind2=" ">
      <subfield code="a">Concordia Seminary copy includes a "Special publication of the Edmonton Journal, " 22 p.</subfield>
   </datafield>
   <datafield tag="596" ind1=" " ind2=" ">
      <subfield code="a">21 34 43 50</subfield>
   </datafield>
   <datafield tag="600" ind1="0" ind2="0">
      <subfield code="a">Jesus Christ</subfield>
      <subfield code="v">Art</subfield>
      <subfield code="v">Exhibitions.</subfield>
   </datafield>
   <datafield tag="700" ind1="1" ind2=" ">
      <subfield code="a">Distad, Linda.</subfield>
   </datafield>
   <datafield tag="700" ind1="1" ind2=" ">
      <subfield code="a">Wangler, Matthew.</subfield>
   </datafield>
   <datafield tag="710" ind1="2" ind2=" ">
      <subfield code="a">Provincial Museum of Alberta.</subfield>
   </datafield>
   <datafield tag="926" ind1=" " ind2=" ">
      <subfield code="a">CONCORDIA</subfield>
      <subfield code="b">ON_SHELF</subfield>
      <subfield code="c">N 8050 G621 2000</subfield>
      <subfield code="d">BOOK</subfield>
      <subfield code="f">1</subfield>
   </datafield>
   <datafield tag="926" ind1=" " ind2=" ">
      <subfield code="a">CONCORDSEM</subfield>
      <subfield code="b">ON_SHELF</subfield>
      <subfield code="c">N 8050 G621 2000</subfield>
      <subfield code="d">BOOK</subfield>
      <subfield code="f">1</subfield>
   </datafield>
   <datafield tag="926" ind1=" " ind2=" ">
      <subfield code="a">UAHSS</subfield>
      <subfield code="b">ON_SHELF</subfield>
      <subfield code="c">N 8050 G63 2000</subfield>
      <subfield code="d">BOOK</subfield>
      <subfield code="f">1</subfield>
   </datafield>
   <datafield tag="926" ind1=" " ind2=" ">
      <subfield code="a">UASPCOLL</subfield>
      <subfield code="b">SPECIALCOL</subfield>
      <subfield code="c">N 8050 G63 2000</subfield>
      <subfield code="d">NO_LOAN</subfield>
      <subfield code="f">1</subfield>
   </datafield>
</record>
